<mx:record xmlns="http://www.w3.org/TR/xhtml1/strict" xmlns:mx="http://www.loc.gov/MARC21/slim" xmlns:xsi="http://www.w3.org/2001/XMLSchema-instance"><mx:leader>00000cz  a2200000n  45 0</mx:leader><mx:controlfield tag="001">oca04985796 </mx:controlfield><mx:controlfield tag="005">20090611053108.0</mx:controlfield><mx:controlfield tag="008">990513n| acannaabn          |b aaa     c</mx:controlfield><mx:datafield ind1=" " ind2=" " tag="010"><mx:subfield code="a">no 99034552</mx:subfield></mx:datafield><mx:datafield ind1=" " ind2=" " tag="040"><mx:subfield code="a">RPB</mx:subfield><mx:subfield code="b">eng</mx:subfield><mx:subfield code="c">RPB</mx:subfield><mx:subfield code="d">DLC</mx:subfield><mx:subfield code="d">InNd</mx:subfield><mx:subfield code="d">UPB</mx:subfield></mx:datafield><mx:datafield ind1=" " ind2="0" tag="053"><mx:subfield code="a">PA4441.S6</mx:subfield></mx:datafield><mx:datafield ind1="0" ind2=" " tag="100"><mx:subfield code="a">Straton,</mx:subfield><mx:subfield code="c">of Sardis,</mx:subfield><mx:subfield code="d">fl. 125</mx:subfield></mx:datafield><mx:datafield ind1="0" ind2=" " tag="400"><mx:subfield code="a">Straton,</mx:subfield><mx:subfield code="c">von Sardes,</mx:subfield><mx:subfield code="d">fl. 125</mx:subfield></mx:datafield><mx:datafield ind1="0" ind2=" " tag="400"><mx:subfield code="a">Stratōn,</mx:subfield><mx:subfield code="c">ek Sardeōn,</mx:subfield><mx:subfield code="d">fl. 125</mx:subfield></mx:datafield><mx:datafield ind1="0" ind2=" " tag="400"><mx:subfield code="a">Stratōn,</mx:subfield><mx:subfield code="c">ho Sardianos,</mx:subfield><mx:subfield code="d">fl. 125</mx:subfield></mx:datafield><mx:datafield ind1="0" ind2=" " tag="400"><mx:subfield code="a">Straton,</mx:subfield><mx:subfield code="c">de Sardes,</mx:subfield><mx:subfield code="d">fl. 125</mx:subfield></mx:datafield><mx:datafield ind1="0" ind2=" " tag="400"><mx:subfield code="a">Stratone,</mx:subfield><mx:subfield code="c">di Sardi,</mx:subfield><mx:subfield code="d">fl. 125</mx:subfield></mx:datafield><mx:datafield ind1="0" ind2=" " tag="400"><mx:subfield code="a">Στράτων,</mx:subfield><mx:subfield code="c">ὁ Σαρδιανός,</mx:subfield><mx:subfield code="d">fl. 125</mx:subfield></mx:datafield><mx:datafield ind1=" " ind2=" " tag="670"><mx:subfield code="a">Stratōnos Mousa paidikē, 1979:</mx:subfield><mx:subfield code="b">t.p. (Stratōnos)</mx:subfield></mx:datafield><mx:datafield ind1=" " ind2=" " tag="670"><mx:subfield code="a">Oxford classical dictionary, 1996:</mx:subfield><mx:subfield code="b">(Straton of Sardis; lived in the time of Hadrian)</mx:subfield></mx:datafield><mx:datafield ind1=" " ind2=" " tag="670"><mx:subfield code="a">Pauly-Wissowa:</mx:subfield><mx:subfield code="b">(Straton von Sardes)</mx:subfield></mx:datafield><mx:datafield ind1=" " ind2=" " tag="670"><mx:subfield code="a">Anthologie grecque, 1960- :</mx:subfield><mx:subfield code="b">v. 11, p. 2 (Stratōnos tou Sardianou; Straton de Sardes)</mx:subfield></mx:datafield><mx:datafield ind1=" " ind2=" " tag="670"><mx:subfield code="a">OCLC, May 7, 1999:</mx:subfield><mx:subfield code="b">(hdg.: Stratōn ek Sardeōn, fl. 125)</mx:subfield></mx:datafield><mx:datafield ind1=" " ind2=" " tag="670"><mx:subfield code="a">Epigrammi, 2007:</mx:subfield><mx:subfield code="b">t.p. (Stratone di Sardi) p. 58 (Στράτωνος)</mx:subfield></mx:datafield><mx:datafield ind1=" " ind2=" " tag="667"><mx:subfield code="a">Non-Latin script references not evaluated.</mx:subfield></mx:datafield><mx:datafield ind1=" " ind2=" " tag="999"><mx:subfield code="a">747</mx:subfield></mx:datafield></mx:record>